%% Alexander: I will make a templ by monday